<record><leader>00000cas a2200000 a 4500</leader><controlfield tag="001">4122626</controlfield><controlfield tag="008">780809c19759999mdudn ne      0   a0eng  </controlfield><controlfield tag="009">467</controlfield><datafield ind1=" " ind2=" " tag="010"><subfield code="a">sn 78000489 </subfield></datafield><datafield ind1=" " ind2=" " tag="040"><subfield code="a">DLC</subfield><subfield code="b">eng</subfield><subfield code="c">NSD</subfield><subfield code="d">OCL</subfield><subfield code="d">NSD</subfield><subfield code="d">MFN</subfield><subfield code="d">OCL</subfield><subfield code="d">MFN</subfield><subfield code="d">OCL</subfield><subfield code="d">OCLCQ</subfield></datafield><datafield ind1=" " ind2=" " tag="012"><subfield code="b">3</subfield><subfield code="k">1</subfield><subfield code="l">1</subfield><subfield code="m">1</subfield></datafield><datafield ind1=" " ind2=" " tag="019"><subfield code="a">4124945</subfield><subfield code="a">16897879</subfield></datafield><datafield ind1="1" ind2=" " tag="022"><subfield code="a">0162-2099</subfield><subfield code="l">0162-2099</subfield><subfield code="2">1</subfield></datafield><datafield ind1=" " ind2=" " tag="032"><subfield code="a">072390</subfield><subfield code="b">USPS</subfield></datafield><datafield ind1=" " ind2=" " tag="042"><subfield code="a">nsdp</subfield></datafield><datafield ind1=" " ind2="4" tag="222"><subfield code="a">The Prince George's journal</subfield></datafield><datafield ind1="0" ind2="4" tag="245"><subfield code="a">The Prince George's journal.</subfield></datafield><datafield ind1=" " ind2=" " tag="260"><subfield code="a">College Park, Md. :</subfield><subfield code="b">Journal Newspapers,</subfield><subfield code="c">1975-</subfield></datafield><datafield ind1=" " ind2=" " tag="300"><subfield code="a">v.</subfield></datafield><datafield ind1=" " ind2=" " tag="310"><subfield code="a">Daily (except Sat. &amp; Sun. &amp; weekday postal holidays),</subfield><subfield code="b">Sept. 14, 1981-</subfield></datafield><datafield ind1=" " ind2=" " tag="321"><subfield code="a">Weekly,</subfield><subfield code="b">1975-Sept. 22, 1977</subfield></datafield><datafield ind1=" " ind2=" " tag="321"><subfield code="a">Semiweekly,</subfield><subfield code="b">Sept. 28, 1977-Sept. 11, 1981</subfield></datafield><datafield ind1="0" ind2=" " tag="362"><subfield code="a">Vol. 1, no. 1 (Jan. 2, 1975)-</subfield></datafield><datafield ind1=" " ind2=" " tag="500"><subfield code="a">Published at Lanham, Md., Nov. 17, 1981-</subfield></datafield><datafield ind1=" " ind2=" " tag="752"><subfield code="a">United States</subfield><subfield code="b">Maryland</subfield><subfield code="c">Prince George's</subfield><subfield code="d">College Park.</subfield></datafield><datafield ind1=" " ind2=" " tag="752"><subfield code="a">United States</subfield><subfield code="b">Maryland</subfield><subfield code="c">Prince George's</subfield><subfield code="d">Lanham.</subfield></datafield><datafield ind1=" " ind2=" " tag="936"><subfield code="a">Sept. 22, 1981</subfield></datafield></record>